<record><leader>00000cas a2200000 a 4500</leader><controlfield tag="001">20535745</controlfield><controlfield tag="008">891023d19361966maudn ne      0    0eng c</controlfield><datafield ind1=" " ind2=" " tag="010"><subfield code="a">sn 89062226 </subfield></datafield><datafield ind1=" " ind2=" " tag="040"><subfield code="a">MGN</subfield><subfield code="b">eng</subfield><subfield code="c">MGN</subfield><subfield code="d">DLC</subfield><subfield code="d">OCL</subfield><subfield code="d">MGN</subfield><subfield code="d">OCL</subfield><subfield code="d">DLC</subfield><subfield code="d">OCLCQ</subfield><subfield code="d">OCLCF</subfield><subfield code="d">OCLCO</subfield></datafield><datafield ind1=" " ind2=" " tag="019"><subfield code="a">13361940</subfield></datafield><datafield ind1="1" ind2=" " tag="029"><subfield code="a">AU@</subfield><subfield code="b">000020582833</subfield></datafield><datafield ind1=" " ind2=" " tag="042"><subfield code="a">pcc</subfield></datafield><datafield ind1=" " ind2=" " tag="043"><subfield code="a">n-us-ma</subfield></datafield><datafield ind1="0" ind2="0" tag="050"><subfield code="a">Newspaper 8292</subfield></datafield><datafield ind1="0" ind2="0" tag="245"><subfield code="a">Greenfield recorder-gazette.</subfield></datafield><datafield ind1="1" ind2="7" tag="246"><subfield code="a">Greenfield daily recorder-gazette</subfield></datafield><datafield ind1=" " ind2=" " tag="260"><subfield code="a">Greenfield, Mass. :</subfield><subfield code="b">Recorder Pub. Corp.,</subfield><subfield code="c">1936-1966.</subfield></datafield><datafield ind1=" " ind2=" " tag="300"><subfield code="a">31 v.</subfield></datafield><datafield ind1=" " ind2=" " tag="310"><subfield code="a">Daily (except Sun.)</subfield></datafield><datafield ind1="0" ind2=" " tag="362"><subfield code="a">Jan. 6, 1936- ; -174th year, no. 305 (Dec. 31, 1966).</subfield></datafield><datafield ind1=" " ind2="0" tag="651"><subfield code="a">Greenfield (Mass.)</subfield><subfield code="v">Newspapers.</subfield></datafield><datafield ind1=" " ind2="7" tag="655"><subfield code="a">Newspapers.</subfield><subfield code="2">fast</subfield><subfield code="0">(OCoLC)fst01423814</subfield></datafield><datafield ind1=" " ind2="7" tag="651"><subfield code="a">Massachusetts</subfield><subfield code="z">Greenfield.</subfield><subfield code="2">fast</subfield><subfield code="0">(OCoLC)fst01208547</subfield></datafield><datafield ind1=" " ind2=" " tag="752"><subfield code="a">United States</subfield><subfield code="b">Massachusetts</subfield><subfield code="c">Franklin</subfield><subfield code="d">Greenfield.</subfield></datafield><datafield ind1="0" ind2="0" tag="780"><subfield code="t">Daily recorder-gazette</subfield><subfield code="w">(DLC)sn 89062231</subfield><subfield code="w">(OCoLC)20580296</subfield></datafield><datafield ind1="0" ind2="0" tag="785"><subfield code="t">Greenfield recorder gazette and courier</subfield><subfield code="w">(DLC)sn 89062227</subfield><subfield code="w">(OCoLC)20536055</subfield></datafield></record>